<?xml version="1.0" encoding="UTF-8"?><collection xmlns="http://www.loc.gov/MARC21/slim"><record><leader>00480nam--2200181-i-4500</leader><controlfield tag="001">000013075</controlfield><controlfield tag="002">20161230</controlfield><controlfield tag="005">20161230201030</controlfield><controlfield tag="008">060222s1000------------r-----000-0-rus-d</controlfield><datafield ind1=" " ind2=" " tag="041"><subfield code="a">rus</subfield></datafield><datafield ind1=" " ind2=" " tag="080"><subfield code="a">620.183:534-16</subfield></datafield><datafield ind1="1" ind2=" " tag="100"><subfield code="a">Baranov, V.M</subfield></datafield><datafield ind1="1" ind2="0" tag="245"><subfield code="a">Akustikoemissnonnie pribori iadernoi energetiki</subfield><subfield code="c">V.M. Baranov, K.I. Molodceov</subfield></datafield><datafield ind1=" " ind2=" " tag="260"><subfield code="a">Moskva</subfield><subfield code="b">Atomizdat</subfield><subfield code="c">1980</subfield></datafield><datafield ind1=" " ind2=" " tag="300"><subfield code="a">143p</subfield></datafield><datafield ind1=" " ind2=" " tag="700"><subfield code="a">Molodceov, K.I</subfield></datafield><datafield ind1=" " ind2=" " tag="852"><subfield code="a">47841</subfield><subfield code="c">534</subfield></datafield><datafield ind1=" " ind2=" " tag="CAT"><subfield code="a">Sys</subfield><subfield code="c">20101008</subfield><subfield code="h">123815</subfield></datafield></record></collection>